% This file was created with JabRef 2.10b2.
% Encoding: UTF-8


@InProceedings{bell2009implementing,
  Title                    = {Implementing sparse matrix-vector multiplication on throughput-oriented processors},
  Author                   = {Bell, Nathan and Garland, Michael},
  Booktitle                = {Proceedings of the Conference on High Performance Computing Networking, Storage and Analysis},
  Year                     = {2009},
  Organization             = {ACM},
  Pages                    = {18},

  Owner                    = {ivo},
  Timestamp                = {2014.12.09}
}

@TechReport{bell2008efficient,
  Title                    = {Efficient sparse matrix-vector multiplication on CUDA},
  Author                   = {Bell, Nathan and Garland, Michael},
  Institution              = {Nvidia Technical Report NVR-2008-004, Nvidia Corporation},
  Year                     = {2008},

  Owner                    = {ivo},
  Timestamp                = {2014.12.09}
}

@Article{dongarraxz1994sparse,
  Title                    = {A sparse matrix library in C++ for high performance architectures},
  Author                   = {Dongarraxz, Jack and Lumsdaine, Andrew and Niu, Xinhiu and Pozoz, Roldan and Remingtonx, Karin},
  Year                     = {1994},

  Owner                    = {ivo},
  Timestamp                = {2014.12.09}
}

